%# -*- coding: utf-8-unix -*-

@ARTICLE{Thomas-AICHistory-2007, 
	author={Thomas H. Lee}, 
	journal={IEEE Solid-State Circuits Society Newsletter}, 
	title={Tales of the continuum: a subsampled history of analog circuits}, 
	year={2007}, 
	volume={12}, 
	number={4}, 
	pages={38-51}, 
	month={Fall},
}

@ONLINE{Gabriel-AICWhy,
	author = {Gabriel Alfonso Rincon-Mora},
	title = {Analog integrated circuit design: why?},
	url = {http://users.ece.gatech.edu/~rincon/classes/ana_why.pdf},
}

@INPROCEEDINGS{Ghasi-VLSID-2009, 
	author={Ghasi Agarwal and Prakash Bare}, 
	booktitle={Proc. IEEE Int'l Conf. on VLSI Design (VLSID)}, 
	title={Why is design automation and reuse of analog designs increasingly trailing the digital world?}, 
	year={2009}, 
	pages={17},
	month={Jan},
}